<?xml version="1.0" encoding="UTF-8"?><collection xmlns="http://www.loc.gov/MARC21/slim"><record><leader>00369nam--2200133-i-4500</leader><controlfield tag="001">000016034</controlfield><controlfield tag="002">20161230</controlfield><controlfield tag="005">20161230201031</controlfield><controlfield tag="008">060222s1000------------r-----000-0-eng-d</controlfield><datafield ind1=" " ind2=" " tag="245"><subfield code="a">Dispersion relations. scottish universities summer school 1960</subfield></datafield><datafield ind1=" " ind2=" " tag="260"><subfield code="a">Edinburgh, Oliver And Boyd, 1961</subfield></datafield><datafield ind1=" " ind2=" " tag="490"><subfield code="a">Xiii+290p</subfield></datafield><datafield ind1=" " ind2=" " tag="700"><subfield code="a">Screaton, G.R</subfield></datafield><datafield ind1=" " ind2=" " tag="852"><subfield code="a">530.145.7:539.12.01</subfield></datafield></record></collection>